@software{2012ascl.soft08017R,
   author = {{Robitaille}, Thomas and {Bressert}, Eli},
   title = {APLpy: Astronomical Plotting Library in Python},
   howpublished = {Astrophysics Source Code Library, record ascl:1208.017},
   year = {2012},
   month = aug,
   eid = {ascl:1208.017},
   adsurl = {https://ui.adsabs.harvard.edu/abs/2012ascl.soft08017R},
   adsnote = {Provided by the SAO/NASA Astrophysics Data System}
}
@BOOK{2021pdaa.book.....N,
         author = {{National Academies of Sciences Engineering, and Medicine}},
          title = "{Pathways to Discovery in Astronomy and Astrophysics for the 2020s}",
           year = 2021,
            doi = {10.17226/26141},
         adsurl = {https://ui.adsabs.harvard.edu/abs/2021pdaa.book.....N},
        adsnote = {Provided by the SAO/NASA Astrophysics Data System}
}
@ARTICLE{anantharamaiah+1996apj466_13,
   author = {{Anantharamaiah}, K.~R. and {Goss}, W.~M.},
   title = {Orthogonal Rotating Gaseous Disks near the Nucleus of NGC 253},
   journal = {\apj},
   year = {1996},
   volume = {466},
   pages = {L13},
   doi = {10.1086/310157}
}
@ARTICLE{antonucci1993araa31_473,
   author = {{Antonucci}, Robert},
   title = {Unified models for active galactic nuclei and quasars.},
   journal = {\araa},
   year = {1993},
   volume = {31},
   pages = {473-521},
   doi = {10.1146/annurev.aa.31.090193.002353}
}
@ARTICLE{argyle+1990mnras243_504,
   author = {{Argyle}, R.~W. and {Eldridge}, Patricia},
   title = {Optical positions of Seyfert galaxies - III.},
   journal = {\mnras},
   year = {1990},
   volume = {243},
   pages = {504}
}
@ARTICLE{athanassoula+2016apj821_90,
   author = {{Athanassoula}, E. and {Rodionov}, S.~A. and {Peschken}, N. and {Lambert}, J.~C.},
   title = {Forming Disk Galaxies in Wet Major Mergers. I. Three Fiducial Examples},
   journal = {\apj},
   year = {2016},
   volume = {821},
   pages = {90},
   doi = {10.3847/0004-637X/821/2/90}
}
@ARTICLE{baldi2023aap31_3,
   author = {{Baldi}, Ranieri D.},
   title = {The nature of compact radio sources: the case of FR 0 radio galaxies},
   journal = {\aap},
   year = {2023},
   volume = {31},
   pages = {3},
   doi = {10.1007/s00159-023-00148-3}
}
@ARTICLE{barway+2009mnras394_1991,
   author = {{Barway}, Sudhanshu and {Wadadekar}, Yogesh and {Kembhavi}, Ajit K. and {Mayya}, Y.~D.},
   title = {Near-infrared bulge-disc correlations of lenticular galaxies},
   journal = {\mnras},
   year = {2009},
   volume = {394},
   pages = {1991-2000},
   doi = {10.1111/j.1365-2966.2009.14440.x}
}
@INBOOK{beck+2013inbook_641,
   author = {{Beck}, Rainer and {Wielebinski}, Richard},
   title = {Magnetic Fields in Galaxies},
   booktitle = {Planets, Stars and Stellar Systems. Volume 5: Galactic Structure and Stellar Populations},
   year = {2013},
   editor = {{Oswalt}, Terry D. and {Gilmore}, Gerard},
   volume = {5},
   pages = {641},
   doi = {10.1007/978-94-007-5612-0\_13}
}
@BOOK{beckman2021book,
   author = {{Beckman}, John Etienne},
   title = {Multimessenger Astronomy},
   year = {2021},
   doi = {10.1007/978-3-030-68372-6}
}
@ARTICLE{blandford+1974mnras169_395,
   author = {{Blandford}, R.~D. and {Rees}, M.~J.},
   title = {A ``twin-exhaust'' model for double radio sources.},
   journal = {\mnras},
   year = {1974},
   volume = {169},
   pages = {395-415},
   doi = {10.1093/mnras/169.3.395}
}
@ARTICLE{borlaff+2014aap570_103,
   author = {{Borlaff}, Alejandro and {Eliche-Moral}, M. Carmen and {Rodr{\'\i}guez-P{\'e}rez}, Cristina and {Querejeta}, Miguel and {Tapia}, Trinidad and {P{\'e}rez-Gonz{\'a}lez}, Pablo G. and {Zamorano}, Jaime and {Gallego}, Jes{\'u}s and {Beckman}, John},
   title = {Formation of S0 galaxies through mergers. Antitruncated stellar discs resulting from major mergers},
   journal = {\aap},
   year = {2014},
   volume = {570},
   pages = {A103},
   doi = {10.1051/0004-6361/201424299}
}
@ARTICLE{borlaff+2024apj967_169,
   author = {{Borlaff}, Alejandro S. and {Marcum}, Pamela M. and {Alpaslan}, Mehmet and {Temi}, Pasquale and {Chamba}, Nushkia and {Chojnowski}, Drew S. and {Fanelli}, Michael N. and {Koekemoer}, Anton M. and {Laine}, Seppo and {Lopez-Rodriguez}, Enrique, et al.},
   title = {SAUNAS. I. Searching for Low Surface Brightness X-Ray Emission with Chandra/ACIS},
   journal = {\apj},
   year = {2024},
   volume = {967},
   pages = {169},
   doi = {10.3847/1538-4357/ad3c37}
}
@ARTICLE{boyle+1998mnras293_49,
   author = {{Boyle}, B.~J. and {Terlevich}, Roberto J.},
   title = {The cosmological evolution of the QSO luminosity density and of the star formation rate},
   journal = {\mnras},
   year = {1998},
   volume = {293},
   pages = {L49-L51},
   doi = {10.1046/j.1365-8711.1998.01264.x}
}
@ARTICLE{bridle+1984araa22_319,
   author = {{Bridle}, Alan H. and {Perley}, Richard A.},
   title = {Extragalactic Radio Jets},
   journal = {\araa},
   year = {1984},
   volume = {22},
   pages = {319-358},
   doi = {10.1146/annurev.aa.22.090184.001535}
}
@ARTICLE{britzen+2018mnras478_3199,
   author = {{Britzen}, S. and {Fendt}, C. and {Witzel}, G. and {Qian}, S. -J. and {Pashchenko}, I.~N. and {Kurtanidze}, O. and {Zajacek}, M. and {Martinez}, G. and {Karas}, V. and {Aller}, M., et al.},
   title = {OJ287: deciphering the `Rosetta stone of blazars},
   journal = {\mnras},
   year = {2018},
   volume = {478},
   pages = {3199-3219},
   doi = {10.1093/mnras/sty1026}
}
@ARTICLE{britzen+2023apj951_106,
   author = {{Britzen}, Silke and {Zaja{\v{c}}ek}, Michal and {Gopal-Krishna} and {Fendt}, Christian and {Kun}, Emma and {Jaron}, Fr{\'e}d{\'e}ric and {Sillanp{\"a}{\"a}}, Aimo and {Eckart}, Andreas},
   title = {Precession-induced Variability in AGN Jets and OJ 287},
   journal = {\apj},
   year = {2023},
   volume = {951},
   pages = {106},
   doi = {10.3847/1538-4357/accbbc}
}
@ARTICLE{broos+2010apj714_1582,
   author = {{Broos}, Patrick S. and {Townsley}, Leisa K. and {Feigelson}, Eric D. and {Getman}, Konstantin V. and {Bauer}, Franz E. and {Garmire}, Gordon P.},
   title = {Innovations in the Analysis of Chandra-ACIS Observations},
   journal = {\apj},
   year = {2010},
   volume = {714},
   pages = {1582-1605},
   doi = {10.1088/0004-637X/714/2/1582}
}
@MISC{byrnemamahit+2024arXiv2402.05196,
   author = {{Byrne-Mamahit}, Shoshannah and {Patton}, David R. and {Ellison}, Sara L. and {Bickley}, Robert and {Ferreira}, Leonardo and {Hani}, Maan and {Quai}, Salvatore and {Wilkinson}, Scott},
   title = {Interacting galaxies in the IllustrisTNG simulations -- VII: The connection between the most luminous active galactic nuclei and galaxy interactions},
   journal = {arXiv e-prints},
   year = {2024},
   pages = {arXiv:2402.05196},
   doi = {10.48550/arXiv.2402.05196},
   howpublished = {arXiv:2402.05196}
}
@ARTICLE{capetti+2002aap394_39,
   author = {{Capetti}, A. and {Zamfir}, S. and {Rossi}, P. and {Bodo}, G. and {Zanni}, C. and {Massaglia}, S.},
   title = {On the origin of X-shaped radio-sources: New insights from the properties of their host galaxies},
   journal = {\aap},
   year = {2002},
   volume = {394},
   pages = {39-45},
   doi = {10.1051/0004-6361:20021070}
}
@ARTICLE{cappellari+2003mnras342_345,
   author = {{Cappellari}, Michele and {Copin}, Yannick},
   title = {Adaptive spatial binning of integral-field spectroscopic data using Voronoi tessellations},
   journal = {\mnras},
   year = {2003},
   volume = {342},
   pages = {345-354},
   doi = {10.1046/j.1365-8711.2003.06541.x}
}
@ARTICLE{carignan+1997aj113_1585,
   author = {{Carignan}, Claude and {Cote}, Stephanie and {Freeman}, Kenneth C. and {Quinn}, Peter J.},
   title = {NGC 5084: A Massive Disk Galaxy Accreting its Satellites?},
   journal = {\aj},
   year = {1997},
   volume = {113},
   pages = {1585-1590},
   doi = {10.1086/118376}
}
@ARTICLE{cerulo+2017mnras472_254,
   author = {{Cerulo}, P. and {Couch}, W.~J. and {Lidman}, C. and {Demarco}, R. and {Huertas-Company}, M. and {Mei}, S. and {S{\'a}nchez-Janssen}, R. and {Barrientos}, L.~F. and {Mu{\~n}oz}, R.},
   title = {The morphological transformation of red sequence galaxies in clusters since z {\ensuremath{\sim}} 1},
   journal = {\mnras},
   year = {2017},
   volume = {472},
   pages = {254-272},
   doi = {10.1093/mnras/stx1687}
}
@MISC{chambers+2016arXiv1612.05560,
   author = {{Chambers}, K.~C. and {Magnier}, E.~A. and {Metcalfe}, N. and {Flewelling}, H.~A. and {Huber}, M.~E. and {Waters}, C.~Z. and {Denneau}, L. and {Draper}, P.~W. and {Farrow}, D. and {Finkbeiner}, D.~P., et al.},
   title = {The Pan-STARRS1 Surveys},
   journal = {arXiv e-prints},
   year = {2016},
   pages = {arXiv:1612.05560},
   doi = {10.48550/arXiv.1612.05560},
   howpublished = {arXiv:1612.05560}
}
@ARTICLE{chen+2020apj897_102,
   author = {{Chen}, Zhu and {Faber}, S.~M. and {Koo}, David C. and {Somerville}, Rachel S. and {Primack}, Joel R. and {Dekel}, Avishai and {Rodr\'iguez-Puebla}, Aldo and {Guo}, Yicheng and {Barro}, Guillermo and {Kocevski}, Dale D., et al.},
   title = {Quenching as a Contest between Galaxy Halos and Their Central Black Holes},
   journal = {\apj},
   year = {2020},
   volume = {897},
   pages = {102},
   doi = {10.3847/1538-4357/ab9633}
}
@ARTICLE{cheung+2009apj181_548,
   author = {{Cheung}, C.~C. and {Healey}, Stephen E. and {Landt}, Hermine and {Verdoes Kleijn}, Gijs and {Jord{\'a}n}, Andr{\'e}s},
   title = {First ``Winged'' and X-Shaped Radio Source Candidates. II. New Redshifts},
   journal = {\apj},
   year = {2009},
   volume = {181},
   pages = {548-556},
   doi = {10.1088/0067-0049/181/2/548}
}
@ARTICLE{clarke+1998apj495_189,
   author = {{Clarke}, C.~J. and {Kinney}, A.~L. and {Pringle}, J.~E.},
   title = {An Investigation into the Geometry of Seyfert Galaxies},
   journal = {\apj},
   year = {1998},
   volume = {495},
   pages = {189-195},
   doi = {10.1086/305285}
}
@ARTICLE{collaboration+2013aap558_33,
   author = {{Astropy Collaboration} and {Robitaille}, Thomas P. and {Tollerud}, Erik J. and {Greenfield}, Perry and {Droettboom}, Michael and {Bray}, Erik and {Aldcroft}, Tom and {Davis}, Matt and {Ginsburg}, Adam and {Price-Whelan}, Adrian M., et al.},
   title = {Astropy: A community Python package for astronomy},
   journal = {\aap},
   year = {2013},
   volume = {558},
   pages = {A33},
   doi = {10.1051/0004-6361/201322068}
}
@ARTICLE{collaboration+2018aj156_123,
         author = {{Astropy Collaboration} and {Price-Whelan}, A.~M. and {Sip{\H{o}}cz}, B.~M. and {G{\"u}nther}, H.~M. and {Lim}, P.~L. and {Crawford}, S.~M. and {Conseil}, S. and {Shupe}, D.~L. and {Craig}, M.~W. and {Dencheva}, N. and {Ginsburg}, A. and {VanderPlas}, J.~T. and {Bradley}, L.~D. and {P{\'e}rez-Su{\'a}rez}, D. and {de Val-Borro}, M. and {Aldcroft}, T.~L. , et al.},
          title = "{The Astropy Project: Building an Open-science Project and Status of the v2.0 Core Package}",
        journal = {\aj},
       keywords = {methods: data analysis, methods: miscellaneous, methods: statistical, reference systems, Astrophysics - Instrumentation and Methods for Astrophysics},
           year = 2018,
          month = sep,
         volume = {156},
         number = {3},
            eid = {123},
          pages = {123},
            doi = {10.3847/1538-3881/aabc4f},
  archivePrefix = {arXiv},
         eprint = {1801.02634},
   primaryClass = {astro-ph.IM},
         adsurl = {https://ui.adsabs.harvard.edu/abs/2018AJ....156..123A},
        adsnote = {Provided by the SAO/NASA Astrophysics Data System}
}
@ARTICLE{collaboration+2022apj935_167,
   author = {{Astropy Collaboration} and {Price-Whelan}, Adrian M. and {Lim}, Pey Lian and {Earl}, Nicholas and {Starkman}, Nathaniel and {Bradley}, Larry and {Shupe}, David L. and {Patil}, Aarya A. and {Corrales}, Lia and {Brasseur}, C.~E., et al.},
   title = {The Astropy Project: Sustaining and Growing a Community-oriented Open-source Project and the Latest Major Release (v5.0) of the Core Package},
   journal = {\apj},
   year = {2022},
   volume = {935},
   pages = {167},
   doi = {10.3847/1538-4357/ac7c74}
}
@INPROCEEDINGS{combes2017inproceedings_Di,
   author = {{Combes}, F.},
   title = {Secular evolution of Milky Way-type galaxies},
   booktitle = {SF2A-2017: Proceedings of the Annual meeting of the French Society of Astronomy and Astrophysics},
   year = {2017},
   editor = {{Reyl{\'e}}, C. and {Di Matteo}, P. and {Herpin}, F. and {Lagadec}, E. and {Lan{\c{c}}on}, A. and {Meliani}, Z. and {Royer}, F.},
   pages = {Di},
   doi = {10.48550/arXiv.1707.08733}
}
@ARTICLE{comeron+2010mnras402_2462,
   author = {{Comer{\'o}n}, S. and {Knapen}, J.~H. and {Beckman}, J.~E. and {Laurikainen}, E. and {Salo}, H. and {Mart{\'\i}nez-Valpuesta}, I. and {Buta}, R.~J.},
   title = {AINUR: Atlas of Images of NUclear Rings},
   journal = {\mnras},
   year = {2010},
   volume = {402},
   pages = {2462-2490},
   doi = {10.1111/j.1365-2966.2009.16057.x}
}
@ARTICLE{comeron+2012apj759_98,
   author = {{Comer\'on}, S\'ebastien and {Elmegreen}, Bruce G. and {Salo}, Heikki and {Laurikainen}, Eija and {Athanassoula}, E. and {Bosma}, Albert and {Knapen}, Johan H. and {Gadotti}, Dimitri A. and {Sheth}, Kartik and {Hinz}, Joannah L., et al.},
   title = {Breaks in Thin and Thick Disks of Edge-on Galaxies Imaged in the Spitzer Survey Stellar Structure in Galaxies (S$^{4}$G)},
   journal = {\apj},
   year = {2012},
   volume = {759},
   pages = {98},
   doi = {10.1088/0004-637X/759/2/98}
}
@ARTICLE{davis+2013nat494_328,
   author = {{Davis}, Timothy A. and {Bureau}, Martin and {Cappellari}, Michele and {Sarzi}, Marc and {Blitz}, Leo},
   title = {A black-hole mass measurement from molecular gas kinematics in NGC4526},
   journal = {\nat},
   year = {2013},
   volume = {494},
   pages = {328-330},
   doi = {10.1038/nature11819}
}
@ARTICLE{davis+2022mnras512_1522,
   author = {{Davis}, Timothy A. and {Gensior}, Jindra and {Bureau}, Martin and {Cappellari}, Michele and {Choi}, Woorak and {Elford}, Jacob S. and {Kruijssen}, J.~M. Diederik and {Lelli}, Federico and {Liang}, Fu-Heng and {Liu}, Lijie, et al.},
   title = {WISDOM Project - X. The morphology of the molecular ISM in galaxy centres and its dependence on galaxy structure},
   journal = {\mnras},
   year = {2022},
   volume = {512},
   pages = {1522-1540},
   doi = {10.1093/mnras/stac600}
}
@ARTICLE{delvecchio+2014mnras439_2736,
   author = {{Delvecchio}, I. and {Gruppioni}, C. and {Pozzi}, F. and {Berta}, S. and {Zamorani}, G. and {Cimatti}, A. and {Lutz}, D. and {Scott}, D. and {Vignali}, C. and {Cresci}, G., et al.},
   title = {Tracing the cosmic growth of supermassive black holes to z {\ensuremath{\sim}} 3 with Herschel},
   journal = {\mnras},
   year = {2014},
   volume = {439},
   pages = {2736-2754},
   doi = {10.1093/mnras/stu130}
}
@BOOK{devaucouleurs+1991book,
   author = {{de Vaucouleurs}, Gerard and {de Vaucouleurs}, Antoinette and {Corwin}, Herold G., Jr. and {Buta}, Ronald J. and {Paturel}, Georges and {Fouque}, Pascal},
   title = {Third Reference Catalogue of Bright Galaxies},
   year = {1991}
}
@ARTICLE{diehl+2006mnras368_497,
   author = {{Diehl}, Steven and {Statler}, Thomas S.},
   title = {Adaptive binning of X-ray data with weighted Voronoi tessellations},
   journal = {\mnras},
   year = {2006},
   volume = {368},
   pages = {497-510},
   doi = {10.1111/j.1365-2966.2006.10125.x}
}
@ARTICLE{dimatteo+2005nat433_604,
   author = {{Di Matteo}, Tiziana and {Springel}, Volker and {Hernquist}, Lars},
   title = {Energy input from quasars regulates the growth and activity of black holes and their host galaxies},
   journal = {\nat},
   year = {2005},
   volume = {433},
   pages = {604-607},
   doi = {10.1038/nature03335}
}
@INPROCEEDINGS{donath+2022inproceedings_98,
   author = {{Donath}, Axel and {Siemiginowska}, Aneta and {Kashyap}, Vinay and {Burke}, Douglas and {Reddy}, Karthik and {Van Dyk}, David},
   title = {Pylira: deconvolution of images in the presence of Poisson noise},
   booktitle = {Proceedings of the 21st Python in Science Conference},
   year = {2022},
   pages = {98-104},
   doi = {10.25080/majora-212e5952-00f}
}
@ARTICLE{dressler+1983apj270_7,
   author = {{Dressler}, A. and {Gunn}, J.~E.},
   title = {Spectroscopy of galaxies in distant clusters. II. The population of the 3C 295 cluster.},
   journal = {\apj},
   year = {1983},
   volume = {270},
   pages = {7-19},
   doi = {10.1086/161093}
}
@ARTICLE{dressler+1997apj490_577,
   author = {{Dressler}, Alan and {Oemler}, Augustus, Jr. and {Couch}, Warrick J. and {Smail}, Ian and {Ellis}, Richard S. and {Barger}, Amy and {Butcher}, Harvey and {Poggianti}, Bianca M. and {Sharples}, Ray M.},
   title = {Evolution since z = 0.5 of the Morphology-Density Relation for Clusters of Galaxies},
   journal = {\apj},
   year = {1997},
   volume = {490},
   pages = {577-591},
   doi = {10.1086/304890}
}
@ARTICLE{ebeling+2006mnras368_65,
   author = {{Ebeling}, H. and {White}, D.~A. and {Rangarajan}, F.~V.~N.},
   title = {ASMOOTH: a simple and efficient algorithm for adaptive kernel smoothing of two-dimensional imaging data},
   journal = {\mnras},
   year = {2006},
   volume = {368},
   pages = {65-73},
   doi = {10.1111/j.1365-2966.2006.10135.x}
}
@ARTICLE{ebeling+2007apj661_33,
   author = {{Ebeling}, H. and {Barrett}, E. and {Donovan}, D. and {Ma}, C. -J. and {Edge}, A.~C. and {van Speybroeck}, L.},
   title = {A Complete Sample of 12 Very X-Ray Luminous Galaxy Clusters at z > 0.5},
   journal = {\apj},
   year = {2007},
   volume = {661},
   pages = {L33-L36},
   doi = {10.1086/518603}
}
@ARTICLE{ebeling+2010mnras407_83,
   author = {{Ebeling}, H. and {Edge}, A.~C. and {Mantz}, A. and {Barrett}, E. and {Henry}, J. Patrick and {Ma}, C.~J. and {van Speybroeck}, L.},
   title = {The X-ray brightest clusters of galaxies from the Massive Cluster Survey},
   journal = {\mnras},
   year = {2010},
   volume = {407},
   pages = {83-93},
   doi = {10.1111/j.1365-2966.2010.16920.x}
}
@ARTICLE{elichemoral+2018aap617_113,
   author = {{Eliche-Moral}, M.~C. and {Rodr{\'\i}guez-P{\'e}rez}, C. and {Borlaff}, A. and {Querejeta}, M. and {Tapia}, T.},
   title = {Formation of S0 galaxies through mergers. Morphological properties: tidal relics, lenses, ovals, and other inner components},
   journal = {\aap},
   year = {2018},
   volume = {617},
   pages = {A113},
   doi = {10.1051/0004-6361/201832911}
}
@ARTICLE{emsellem+2015mnras446_2468,
   author = {{Emsellem}, Eric and {Renaud}, Florent and {Bournaud}, Fr{\'e}d{\'e}ric and {Elmegreen}, Bruce and {Combes}, Fran{\c{c}}oise and {Gabor}, Jared M.},
   title = {The interplay between a galactic bar and a supermassive black hole: nuclear fuelling in a subparsec resolution galaxy simulation},
   journal = {\mnras},
   year = {2015},
   volume = {446},
   pages = {2468-2482},
   doi = {10.1093/mnras/stu2209}
}
@ARTICLE{evans+2010apj189_37,
   author = {{Evans}, Ian N. and {Primini}, Francis A. and {Glotfelty}, Kenny J. and {Anderson}, Craig S. and {Bonaventura}, Nina R. and {Chen}, Judy C. and {Davis}, John E. and {Doe}, Stephen M. and {Evans}, Janet D. and {Fabbiano}, Giuseppina, et al.},
   title = {The Chandra Source Catalog},
   journal = {\apj},
   year = {2010},
   volume = {189},
   pages = {37-82},
   doi = {10.1088/0067-0049/189/1/37}
}
@ARTICLE{fabbiano+2017apj842_4,
   author = {{Fabbiano}, G. and {Elvis}, M. and {Paggi}, A. and {Karovska}, M. and {Maksym}, W.~P. and {Raymond}, J. and {Risaliti}, G. and {Wang}, Junfeng},
   title = {Discovery of a Kiloparsec Extended Hard X-Ray Continuum and Fe-K{\ensuremath{\alpha}} from the Compton Thick AGN ESO 428-G014},
   journal = {\apj},
   year = {2017},
   volume = {842},
   pages = {L4},
   doi = {10.3847/2041-8213/aa7551}
}
@ARTICLE{fabbiano+2018apj855_131,
   author = {{Fabbiano}, G. and {Paggi}, A. and {Karovska}, M. and {Elvis}, M. and {Maksym}, W.~P. and {Risaliti}, G. and {Wang}, Junfeng},
   title = {Deep Chandra Observations of ESO 428-G014. II. Spectral Properties and Morphology of the Large-scale Extended X-Ray Emission},
   journal = {\apj},
   year = {2018},
   volume = {855},
   pages = {131},
   doi = {10.3847/1538-4357/aab1f4}
}
@ARTICLE{ferrarese+1996apj470_444,
   author = {{Ferrarese}, Laura and {Ford}, Holland C. and {Jaffe}, Walter},
   title = {Evidence for a Massive Black Hole in the Active Galaxy NGC 4261 from Hubble Space Telescope Images and Spectra},
   journal = {\apj},
   year = {1996},
   volume = {470},
   pages = {444},
   doi = {10.1086/177876}
}
@ARTICLE{frasermckelvie+2018mnras481_5580,
   author = {{Fraser-McKelvie}, Amelia and {Arag{\'o}n-Salamanca}, Alfonso and {Merrifield}, Michael and {Tabor}, Martha and {Bernardi}, Mariangela and {Drory}, Niv and {Parikh}, Taniya and {Argudo-Fern{\'a}ndez}, Maria},
   title = {SDSS-IV MaNGA: the formation sequence of S0 galaxies},
   journal = {\mnras},
   year = {2018},
   volume = {481},
   pages = {5580-5591},
   doi = {10.1093/mnras/sty2563}
}
@INPROCEEDINGS{freeman+2001inproceedings_76,
   author = {{Freeman}, Peter and {Doe}, Stephen and {Siemiginowska}, Aneta},
   title = {Sherpa: a mission-independent data analysis application},
   booktitle = {Astronomical Data Analysis},
   year = {2001},
   editor = {{Starck}, Jean-Luc and {Murtagh}, Fionn D.},
   series = {Society of Photo-Optical Instrumentation Engineers (SPIE) Conference Series},
   volume = {4477},
   pages = {76-87},
   doi = {10.1117/12.447161}
}
@INPROCEEDINGS{fruscione+2006inproceedings_62701V,
   author = {{Fruscione}, Antonella and {McDowell}, Jonathan C. and {Allen}, Glenn E. and {Brickhouse}, Nancy S. and {Burke}, Douglas J. and {Davis}, John E. and {Durham}, Nick and {Elvis}, Martin and {Galle}, Elizabeth C. and {Harris}, Daniel E., et al.},
   title = {CIAO: Chandra's data analysis system},
   booktitle = {Observatory Operations: Strategies, Processes, and Systems},
   year = {2006},
   editor = {{Silva}, David R. and {Doxsey}, Rodger E.},
   series = {Society of Photo-Optical Instrumentation Engineers (SPIE) Conference Series},
   volume = {6270},
   pages = {62701V},
   doi = {10.1117/12.671760}
}
@ARTICLE{gallimore+2006aj132_546,
   author = {{Gallimore}, Jack F. and {Axon}, David J. and {O'Dea}, Christopher P. and {Baum}, Stefi A. and {Pedlar}, Alan},
   title = {A Survey of Kiloparsec-Scale Radio Outflows in Radio-Quiet Active Galactic Nuclei},
   journal = {\aj},
   year = {2006},
   volume = {132},
   pages = {546-569},
   doi = {10.1086/504593}
}
@ARTICLE{garciaburillo+2021aap652_98,
   author = {{Garc\'ia-Burillo}, S. and {Alonso-Herrero}, A. and {Ramos Almeida}, C. and {Gonz\'alez-Mart\'in}, O. and {Combes}, F. and {Usero}, A. and {Honig}, S. and {Querejeta}, M. and {Hicks}, E.~K.~S. and {Hunt}, L.~K., et al.},
   title = {The Galaxy Activity, Torus, and Outflow Survey (GATOS). I. ALMA images of dusty molecular tori in Seyfert galaxies},
   journal = {\aap},
   year = {2021},
   volume = {652},
   pages = {A98},
   doi = {10.1051/0004-6361/202141075}
}
@ARTICLE{giri+2024sci11_1371101,
   author = {{Giri}, Gourab and {Fendt}, Christian and {Thorat}, Kshitij and {Bodo}, Gianluigi and {Rossi}, Paola},
   title = {X-shaped radio galaxies: probing jet evolution, ambient medium dynamics, and their intricate interconnection},
   journal = {\sci},
   year = {2024},
   volume = {11},
   pages = {1371101},
   doi = {10.3389/fspas.2024.1371101}
}
@ARTICLE{gonzalezmartin+2009aap506_1107,
   author = {{Gonz{\'a}lez-Mart{\'\i}n}, O. and {Masegosa}, J. and {M{\'a}rquez}, I. and {Guainazzi}, M. and {Jim{\'e}nez-Bail{\'o}n}, E.},
   title = {An X-ray view of 82 LINERs with Chandra and XMM-Newton data},
   journal = {\aap},
   year = {2009},
   volume = {506},
   pages = {1107-1121},
   doi = {10.1051/0004-6361/200912288}
}
@ARTICLE{gottesman+1986mnras219_759,
   author = {{Gottesman}, S.~T. and {Hawarden}, T.~G.},
   title = {Optical and high-resolution H I observations of the massive and unusual lenticular galaxy NGC 5084.},
   journal = {\mnras},
   year = {1986},
   volume = {219},
   pages = {759-775},
   doi = {10.1093/mnras/219.4.759}
}
@ARTICLE{hardcastle+2020na88_101539,
   author = {{Hardcastle}, M.~J. and {Croston}, J.~H.},
   title = {Radio galaxies and feedback from AGN jets},
   journal = {\na},
   year = {2020},
   volume = {88},
   pages = {101539},
   doi = {10.1016/j.newar.2020.101539}
}
@ARTICLE{haverkorn+2004aap421_1011,
   author = {{Haverkorn}, M. and {Heitsch}, F.},
   title = {Canals beyond Mars: Beam depolarization in radio continuum maps of the warm ISM},
   journal = {\aap},
   year = {2004},
   volume = {421},
   pages = {1011-1019},
   doi = {10.1051/0004-6361:20034444}
}
@INPROCEEDINGS{heckman+1993inproceedings_455,
   author = {{Heckman}, Timothy M. and {Lehnert}, Matthew D. and {Armus}, Lee},
   title = {Galactic Superwinds},
   booktitle = {The Environment and Evolution of Galaxies},
   year = {1993},
   editor = {{Shull}, J. Michael and {Thronson}, Harley A.},
   series = {Astrophysics and Space Science Library},
   volume = {188},
   pages = {455},
   doi = {10.1007/978-94-011-1882-8_25}
}
@INCOLLECTION{heckman+2017incollection_2431,
   author = {{Heckman}, Timothy M. and {Thompson}, Todd A.},
   title = {Galactic Winds and the Role Played by Massive Stars},
   booktitle = {Handbook of Supernovae},
   year = {2017},
   editor = {{Alsabti}, Athem W. and {Murdin}, Paul},
   pages = {2431},
   doi = {10.1007/978-3-319-21846-5_23}
}
@ARTICLE{hodgeskluck+2010apj710_1205,
   author = {{Hodges-Kluck}, Edmund J. and {Reynolds}, Christopher S. and {Cheung}, Chi C. and {Miller}, M. Coleman},
   title = {The Chandra View of Nearby X-Shaped Radio Galaxies},
   journal = {\apj},
   year = {2010},
   volume = {710},
   pages = {1205-1227},
   doi = {10.1088/0004-637X/710/2/1205}
}
@ARTICLE{hodgeskluck+2010apj717_37,
   author = {{Hodges-Kluck}, Edmund J. and {Reynolds}, Christopher S. and {Miller}, M. Coleman and {Cheung}, Chi C.},
   title = {A Deep Chandra Observation of the X-shaped Radio Galaxy 4C +00.58: A Candidate for Merger-induced Reorientation?},
   journal = {\apj},
   year = {2010},
   volume = {717},
   pages = {L37-L41},
   doi = {10.1088/2041-8205/717/1/L37}
}
@ARTICLE{hodgeskluck+2012apj746_167,
   author = {{Hodges-Kluck}, Edmund J. and {Reynolds}, Christopher S.},
   title = {A Chandra Study of the Radio Galaxy NGC 326: Wings, Outburst History, and Active Galactic Nucleus Feedback},
   journal = {\apj},
   year = {2012},
   volume = {746},
   pages = {167},
   doi = {10.1088/0004-637X/746/2/167}
}
@ARTICLE{hodgeskluck+2020apj903_35,
   author = {{Hodges-Kluck}, Edmund J. and {Yukita}, Mihoko and {Tanner}, Ryan and {Ptak}, Andrew F. and {Bregman}, Joel N. and {Li}, Jiang-tao},
   title = {A 60 kpc Galactic Wind Cone in NGC 3079},
   journal = {\apj},
   year = {2020},
   volume = {903},
   pages = {35},
   doi = {10.3847/1538-4357/abb884}
}
@PHDTHESIS{hodgeskluck2011thesis,
   author = {{Hodges-Kluck}, Edmund},
   title = {The Hot Atmospheres of X-Shaped Radio Galaxies},
   school = {University of Maryland, College Park},
   year = {2011}
}
@ARTICLE{hopkins+2009apj691_1168,
   author = {{Hopkins}, Philip F. and {Cox}, Thomas J. and {Younger}, Joshua D. and {Hernquist}, Lars},
   title = {How do Disks Survive Mergers?},
   journal = {\apj},
   year = {2009},
   volume = {691},
   pages = {1168-1201},
   doi = {10.1088/0004-637X/691/2/1168}
}
@ARTICLE{hopkins+2013mnras430_1901,
   author = {{Hopkins}, Philip F. and {Cox}, Thomas J. and {Hernquist}, Lars and {Narayanan}, Desika and {Hayward}, Christopher C. and {Murray}, Norman},
   title = {Star formation in galaxy mergers with realistic models of stellar feedback and the interstellar medium},
   journal = {\mnras},
   year = {2013},
   volume = {430},
   pages = {1901-1927},
   doi = {10.1093/mnras/stt017}
}
@ARTICLE{hunter2007sci9_90,
   author = {{Hunter}, John D.},
   title = {Matplotlib: A 2D Graphics Environment},
   journal = {\sci},
   year = {2007},
   volume = {9},
   pages = {90-95},
   doi = {10.1109/MCSE.2007.55}
}
@ARTICLE{irwin+2012aj144_43,
   author = {{Irwin}, Judith and {Beck}, Rainer and {Benjamin}, R.~A. and {Dettmar}, Ralf-J\urgen and {English}, Jayanne and {Heald}, George and {Henriksen}, Richard N. and {Johnson}, Megan and {Krause}, Marita and {Li}, Jiang-Tao, et al.},
   title = {Continuum Halos in Nearby Galaxies: An EVLA Survey (CHANG-ES). I. Introduction to the Survey},
   journal = {\aj},
   year = {2012},
   volume = {144},
   pages = {43},
   doi = {10.1088/0004-6256/144/2/43}
}
@ARTICLE{irwin+2019aj158_21,
   author = {{Irwin}, Judith and {Wiegert}, Theresa and {Merritt}, Alison and {We\.zgowiec}, Marek and {Hunt}, Lucas and {Woodfinden}, Alex and {Stein}, Yelena and {Damas-Segovia}, Ancor and {Li}, Jiangtao and {Wang}, Q. Daniel, et al.},
   title = {CHANG-ES. XX. High-resolution Radio Continuum Images of Edge-on Galaxies and Their AGNs: Data Release 3},
   journal = {\aj},
   year = {2019},
   volume = {158},
   pages = {21},
   doi = {10.3847/1538-3881/ab25f6}
}
@ARTICLE{jaffe+1993nat364_213,
   author = {{Jaffe}, Walter and {Ford}, Holland C. and {Ferrarese}, Laura and {van den Bosch}, Frank and {O'Connell}, Robert W.},
   title = {A large nuclear accretion disk in the active galaxy NGC4261},
   journal = {\nat},
   year = {1993},
   volume = {364},
   pages = {213-215},
   doi = {10.1038/364213a0}
}
@ARTICLE{jiang+2023apj959_11,
   author = {{Jiang}, Wu and {Shen}, Zhiqiang and {Mart{\'\i}-Vidal}, Ivan and {Yan}, Zhen and {Huang}, Lei and {Gold}, Roman and {Li}, Ya-Ping and {Xie}, Fuguo and {Kawaguchi}, Noriyuki},
   title = {Observational Evidence of a Centi-parsec Supermassive Black Hole Binary Existing in the Nearby Galaxy M81},
   journal = {\apj},
   year = {2023},
   volume = {959},
   pages = {11},
   doi = {10.3847/1538-4357/ad063d}
}
@ARTICLE{jones+2004mnras355_747,
   author = {{Jones}, D. Heath and {Saunders}, Will and {Colless}, Matthew and {Read}, Mike A. and {Parker}, Quentin A. and {Watson}, Fred G. and {Campbell}, Lachlan A. and {Burkey}, Daniel and {Mauch}, Thomas and {Moore}, Lesa, et al.},
   title = {The 6dF Galaxy Survey: samples, observational techniques and the first data release},
   journal = {\mnras},
   year = {2004},
   volume = {355},
   pages = {747-763},
   doi = {10.1111/j.1365-2966.2004.08353.x}
}
@ARTICLE{jones+2009mnras399_683,
   author = {{Jones}, D. Heath and {Read}, Mike A. and {Saunders}, Will and {Colless}, Matthew and {Jarrett}, Tom and {Parker}, Quentin A. and {Fairall}, Anthony P. and {Mauch}, Thomas and {Sadler}, Elaine M. and {Watson}, Fred G., et al.},
   title = {The 6dF Galaxy Survey: final redshift release (DR3) and southern large-scale structures},
   journal = {\mnras},
   year = {2009},
   volume = {399},
   pages = {683-698},
   doi = {10.1111/j.1365-2966.2009.15338.x}
}
@ARTICLE{jones+2020apj891_133,
   author = {{Jones}, Mackenzie L. and {Fabbiano}, G. and {Elvis}, Martin and {Paggi}, A. and {Karovska}, M. and {Maksym}, W.~P. and {Siemiginowska}, A. and {Raymond}, J.},
   title = {Chandra Observations of NGC 7212: Large-scale Extended Hard X-Ray Emission},
   journal = {\apj},
   year = {2020},
   volume = {891},
   pages = {133},
   doi = {10.3847/1538-4357/ab76c8}
}
@ARTICLE{juravnova+2019mnras484_2886,
   author = {{Jur\'avnov\'a}, A. and {Werner}, N. and {Gaspari}, M. and {Lakhchaura}, K. and {Nulsen}, P.~E.~J. and {Sun}, M. and {Canning}, R.~E.~A. and {Allen}, S.~W. and {Simionescu}, A. and {Oonk}, J.~B.~R., et al.},
   title = {Cooling in the X-ray halo of the rotating, massive early-type galaxy NGC 7049},
   journal = {\mnras},
   year = {2019},
   volume = {484},
   pages = {2886-2895},
   doi = {10.1093/mnras/stz185}
}
@ARTICLE{keel+2012mnras420_878,
   author = {{Keel}, William C. and {Chojnowski}, S. Drew and {Bennert}, Vardha N. and {Schawinski}, Kevin and {Lintott}, Chris J. and {Lynn}, Stuart and {Pancoast}, Anna and {Harris}, Chelsea and {Nierenberg}, A.~M. and {Sonnenfeld}, Alessandro, et al.},
   title = {The Galaxy Zoo survey for giant AGN-ionized clouds: past and present black hole accretion events},
   journal = {\mnras},
   year = {2012},
   volume = {420},
   pages = {878-900},
   doi = {10.1111/j.1365-2966.2011.20101.x}
}
@ARTICLE{kewley+2001apj556_121,
   author = {{Kewley}, L.~J. and {Dopita}, M.~A. and {Sutherland}, R.~S. and {Heisler}, C.~A. and {Trevena}, J.},
   title = {Theoretical Modeling of Starburst Galaxies},
   journal = {\apj},
   year = {2001},
   volume = {556},
   pages = {121-140},
   doi = {10.1086/321545}
}
@ARTICLE{khim+2015apj220_3,
   author = {{Khim}, Hong-geun and {Park}, Jongwon and {Seo}, Seong-Woo and {Lee}, Jaehyun and {Smith}, Rory and {Yi}, Sukyoung K.},
   title = {Demographics of Isolated Galaxies along the Hubble Sequence},
   journal = {\apj},
   year = {2015},
   volume = {220},
   pages = {3},
   doi = {10.1088/0067-0049/220/1/3}
}
@ARTICLE{kim+2015apj814_8,
   author = {{Kim}, Minjin and {Ho}, Luis C. and {Wang}, Junfeng and {Fabbiano}, Giuseppina and {Bianchi}, Stefano and {Cappi}, Massimo and {Dadina}, Mauro and {Malaguti}, Giuseppe and {Wang}, Chen},
   title = {An Off-nucleus Nonstellar Black Hole in the Seyfert Galaxy NGC 5252},
   journal = {\apj},
   year = {2015},
   volume = {814},
   pages = {8},
   doi = {10.1088/0004-637X/814/1/8}
}
@ARTICLE{kim+2017apj844_21,
   author = {{Kim}, Minjin and {Ho}, Luis C. and {Im}, Myungshin},
   title = {Ionized Gas Kinematics around an Ultra-luminous X-Ray Source in NGC 5252: Additional Evidence for an Off-nuclear AGN},
   journal = {\apj},
   year = {2017},
   volume = {844},
   pages = {L21},
   doi = {10.3847/2041-8213/aa7fe8}
}
@ARTICLE{kinney+2000apj537_152,
   author = {{Kinney}, A.~L. and {Schmitt}, H.~R. and {Clarke}, C.~J. and {Pringle}, J.~E. and {Ulvestad}, J.~S. and {Antonucci}, R.~R.~J.},
   title = {Jet Directions in Seyfert Galaxies},
   journal = {\apj},
   year = {2000},
   volume = {537},
   pages = {152-177},
   doi = {10.1086/309016}
}
@ARTICLE{koribalski+2004aj128_16,
   author = {{Koribalski}, B.~S. and {Staveley-Smith}, L. and {Kilborn}, V.~A. and {Ryder}, S.~D. and {Kraan-Korteweg}, R.~C. and {Ryan-Weber}, E.~V. and {Ekers}, R.~D. and {Jerjen}, H. and {Henning}, P.~A. and {Putman}, M.~E., et al.},
   title = {The 1000 Brightest HIPASS Galaxies: H I Properties},
   journal = {\aj},
   year = {2004},
   volume = {128},
   pages = {16-46},
   doi = {10.1086/421744}
}
@INPROCEEDINGS{kormendy+1994inproceedings_147,
   author = {{Kormendy}, J. and {Dressler}, A. and {Byun}, Y.~I. and {Faber}, S.~M. and {Grillmair}, C. and {Lauer}, T.~R. and {Richstone}, D. and {Tremaine}, S.},
   title = {HST Photometry of the Cores of Early-Type Galaxies},
   booktitle = {European Southern Observatory Conference and Workshop Proceedings},
   year = {1994},
   series = {European Southern Observatory Conference and Workshop Proceedings},
   volume = {49},
   pages = {147}
}
@ARTICLE{kormendy+2004araa42_603,
   author = {{Kormendy}, John and {Kennicutt}, Robert C., Jr.},
   title = {Secular Evolution and the Formation of Pseudobulges in Disk Galaxies},
   journal = {\araa},
   year = {2004},
   volume = {42},
   pages = {603-683},
   doi = {10.1146/annurev.astro.42.053102.134024}
}
@ARTICLE{kormendy+2013araa51_511,
   author = {{Kormendy}, John and {Ho}, Luis C.},
   title = {Coevolution (Or Not) of Supermassive Black Holes and Host Galaxies},
   journal = {\araa},
   year = {2013},
   volume = {51},
   pages = {511-653},
   doi = {10.1146/annurev-astro-082708-101811}
}
@article{KRISHNAMOORTHY200423,
  title = {A more powerful test for comparing two Poisson means},
  journal = {Journal of Statistical Planning and Inference},
  volume = {119},
  number = {1},
  pages = {23-35},
  year = {2004},
  issn = {0378-3758},
  doi = {https://doi.org/10.1016/S0378-3758(02)00408-1},
  url = {https://www.sciencedirect.com/science/article/pii/S0378375802004081},
  author = {K. Krishnamoorthy and Jessica Thomson},
  keywords = {Binomial distribution, Exact power, Exact size, Parametric bootstrap, Poisson distribution, Sample size calculation, Standardized difference},
  abstract = {The problem of hypothesis testing about two Poisson means is addressed. The usual conditional test (C-test) and a test based on estimated p-values (E-test) are considered. The exact properties of the tests are evaluated numerically. Numerical studies indicate that the E-test is almost exact because its size seldom exceeds the nominal level, and it is more powerful than the C-test. Power calculations for both tests are outlined. The test procedures are illustrated using two examples.}
}
@ARTICLE{larson+1980apj237_692,
   author = {{Larson}, R.~B. and {Tinsley}, B.~M. and {Caldwell}, C.~N.},
   title = {The evolution of disk galaxies and the origin of S0 galaxies},
   journal = {\apj},
   year = {1980},
   volume = {237},
   pages = {692-707},
   doi = {10.1086/157917}
}
@ARTICLE{laurikainen+2010mnras405_1089,
   author = {{Laurikainen}, E. and {Salo}, H. and {Buta}, R. and {Knapen}, J.~H. and {Comer{\'o}n}, S.},
   title = {Photometric scaling relations of lenticular and spiral galaxies},
   journal = {\mnras},
   year = {2010},
   volume = {405},
   pages = {1089-1118},
   doi = {10.1111/j.1365-2966.2010.16521.x}
}
@ARTICLE{lawrence+2010apj714_561,
   author = {{Lawrence}, Andy and {Elvis}, Martin},
   title = {Misaligned Disks as Obscurers in Active Galaxies},
   journal = {\apj},
   year = {2010},
   volume = {714},
   pages = {561-570},
   doi = {10.1088/0004-637X/714/1/561}
}
@ARTICLE{leroy+2021apj257_43,
   author = {{Leroy}, Adam K. and {Schinnerer}, Eva and {Hughes}, Annie and {Rosolowsky}, Erik and {Pety}, J\'er\^ome and {Schruba}, Andreas and {Usero}, Antonio and {Blanc}, Guillermo A. and {Chevance}, M\'elanie and {Emsellem}, Eric, et al.},
   title = {PHANGS-ALMA: Arcsecond CO(2-1) Imaging of Nearby Star-forming Galaxies},
   journal = {\apj},
   year = {2021},
   volume = {257},
   pages = {43},
   doi = {10.3847/1538-4365/ac17f3}
}
@ARTICLE{ma+2020apj900_164,
   author = {{Ma}, Jingzhe and {Elvis}, Martin and {Fabbiano}, G. and {Balokovi{\'c}}, Mislav and {Maksym}, W. Peter and {Jones}, Mackenzie L. and {Risaliti}, Guido},
   title = {Is Extended Hard X-Ray Emission Ubiquitous in Compton-thick AGN?},
   journal = {\apj},
   year = {2020},
   volume = {900},
   pages = {164},
   doi = {10.3847/1538-4357/abacbe}
}
@ARTICLE{ma+2023apj948_61,
   author = {{Ma}, Jingzhe and {Elvis}, Martin and {Fabbiano}, G. and {Balokovi{\'c}}, Mislav and {Maksym}, W. Peter and {Risaliti}, Guido},
   title = {Extended Hard X-Ray Emission in Highly Obscured AGNs},
   journal = {\apj},
   year = {2023},
   volume = {948},
   pages = {61},
   doi = {10.3847/1538-4357/acba8d}
}
@ARTICLE{machacek+2010apj711_1316,
   author = {{Machacek}, M.~E. and {O'Sullivan}, E. and {Randall}, S.~W. and {Jones}, C. and {Forman}, W.~R.},
   title = {The Mysterious Merger of NGC 6868 and NGC 6861 in the Telescopium Group},
   journal = {\apj},
   year = {2010},
   volume = {711},
   pages = {1316-1332},
   doi = {10.1088/0004-637X/711/2/1316}
}
@ARTICLE{madau+2014araa52_415,
   author = {{Madau}, Piero and {Dickinson}, Mark},
   title = {Cosmic Star-Formation History},
   journal = {\araa},
   year = {2014},
   volume = {52},
   pages = {415-486},
   doi = {10.1146/annurev-astro-081811-125615}
}
@ARTICLE{marin2014mnras441_551,
   author = {{Marin}, F.},
   title = {A compendium of AGN inclinations with corresponding UV/optical continuum polarization measurements},
   journal = {\mnras},
   year = {2014},
   volume = {441},
   pages = {551-564},
   doi = {10.1093/mnras/stu593}
}
@ARTICLE{mcquinn+2018mnras477_3164,
   author = {{McQuinn}, Kristen B.~W. and {Skillman}, Evan D. and {Heilman}, Taryn N. and {Mitchell}, Noah P. and {Kelley}, Tyler},
   title = {Galactic outflows, star formation histories, and time-scales in starburst dwarf galaxies from STARBIRDS},
   journal = {\mnras},
   year = {2018},
   volume = {477},
   pages = {3164-3177},
   doi = {10.1093/mnras/sty839}
}
@ARTICLE{moellenhoff+1987aap174_63,
   author = {{Moellenhoff}, C. and {Bender}, R.},
   title = {A dust lane in the elliptical galaxy NGC 4261 = 3C 270.},
   journal = {\aap},
   year = {1987},
   volume = {174},
   pages = {63-66}
}
@ARTICLE{moore+1996nat379_613,
   author = {{Moore}, Ben and {Katz}, Neal and {Lake}, George and {Dressler}, Alan and {Oemler}, Augustus},
   title = {Galaxy harassment and the evolution of clusters of galaxies},
   journal = {\nat},
   year = {1996},
   volume = {379},
   pages = {613-616},
   doi = {10.1038/379613a0}
}
@ARTICLE{morse+1998apj505_159,
   author = {{Morse}, Jon A. and {Cecil}, Gerald and {Wilson}, Andrew S. and {Tsvetanov}, Zlatan I.},
   title = {Inclined Gas Disks in the Lenticular Seyfert Galaxy NGC 5252},
   journal = {\apj},
   year = {1998},
   volume = {505},
   pages = {159-173},
   doi = {10.1086/306149}
}
@ARTICLE{moustakas+2006apj164_81,
   author = {{Moustakas}, John and {Kennicutt}, Robert C., Jr.},
   title = {An Integrated Spectrophotometric Survey of Nearby Star-forming Galaxies},
   journal = {\apj},
   year = {2006},
   volume = {164},
   pages = {81-98},
   doi = {10.1086/500971}
}
@ARTICLE{nagar+1999apj516_97,
   author = {{Nagar}, Neil M. and {Wilson}, Andrew S.},
   title = {The Relative Orientation of Nuclear Accretion and Galaxy Stellar Disks in Seyfert Galaxies},
   journal = {\apj},
   year = {1999},
   volume = {516},
   pages = {97-113},
   doi = {10.1086/307109}
}
@ARTICLE{nandi+2021apj908_178,
   author = {{Nandi}, S. and {Caproni}, A. and {Kharb}, P. and {Sebastian}, B. and {Roy}, R.},
   title = {Double-peaked Lines, Dual VLBI Components, and Precessing Jets in J1328+2752},
   journal = {\apj},
   year = {2021},
   volume = {908},
   pages = {178},
   doi = {10.3847/1538-4357/abd2ba}
}
@ARTICLE{netzer2015araa53_365,
   author = {{Netzer}, Hagai},
   title = {Revisiting the Unified Model of Active Galactic Nuclei},
   journal = {\araa},
   year = {2015},
   volume = {53},
   pages = {365-408},
   doi = {10.1146/annurev-astro-082214-122302}
}
@ARTICLE{ohlson+2024aj167_31,
   author = {{Ohlson}, David and {Seth}, Anil C. and {Gallo}, Elena and {Baldassare}, Vivienne F. and {Greene}, Jenny E.},
   title = {The 50 Mpc Galaxy Catalog (50 MGC): Consistent and Homogeneous Masses, Distances, Colors, and Morphologies},
   journal = {\aj},
   year = {2024},
   volume = {167},
   pages = {31},
   doi = {10.3847/1538-3881/acf7bc}
}
@ARTICLE{oke1971apj170_193,
   author = {{Oke}, J.~B.},
   title = {Redshifts and Absolute Spectral Energy Distributions of Galaxies in Distant Clusters},
   journal = {\apj},
   year = {1971},
   volume = {170},
   pages = {193},
   doi = {10.1086/151202}
}
@ARTICLE{onishi+2015apj806_39,
   author = {{Onishi}, K. and {Iguchi}, S. and {Sheth}, K. and {Kohno}, K.},
   title = {A Measurement of the Black Hole Mass in NGC 1097 Using ALMA},
   journal = {\apj},
   year = {2015},
   volume = {806},
   pages = {39},
   doi = {10.1088/0004-637X/806/1/39}
}
@ARTICLE{onishi+2017mnras468_4663,
   author = {{Onishi}, Kyoko and {Iguchi}, Satoru and {Davis}, Timothy A. and {Bureau}, Martin and {Cappellari}, Michele and {Sarzi}, Marc and {Blitz}, Leo},
   title = {WISDOM project - I. Black hole mass measurement using molecular gas kinematics in NGC 3665},
   journal = {\mnras},
   year = {2017},
   volume = {468},
   pages = {4663-4674},
   doi = {10.1093/mnras/stx631}
}
@ARTICLE{osterbrock+1993apj414_552,
   author = {{Osterbrock}, Donald E. and {Martel}, Andre},
   title = {Spectroscopic Study of the CfA Sample of Seyfert Galaxies},
   journal = {\apj},
   year = {1993},
   volume = {414},
   pages = {552},
   doi = {10.1086/173102}
}
@ARTICLE{osullivan+2017mnras472_1482,
   author = {{O'Sullivan}, Ewan and {Ponman}, Trevor J. and {Kolokythas}, Konstantinos and {Raychaudhury}, Somak and {Babul}, Arif and {Vrtilek}, Jan M. and {David}, Laurence P. and {Giacintucci}, Simona and {Gitti}, Myriam and {Haines}, Chris P.},
   title = {The Complete Local Volume Groups Sample - I. Sample selection and X-ray properties of the high-richness subsample},
   journal = {\mnras},
   year = {2017},
   volume = {472},
   pages = {1482-1505},
   doi = {10.1093/mnras/stx2078}
}
@ARTICLE{osullivan+2018aap618_126,
   author = {{O'Sullivan}, E. and {Combes}, F. and {Salom{\'e}}, P. and {David}, L.~P. and {Babul}, A. and {Vrtilek}, J.~M. and {Lim}, J. and {Olivares}, V. and {Raychaudhury}, S. and {Schellenberger}, G.},
   title = {Cold gas in a complete sample of group-dominant early-type galaxies},
   journal = {\aap},
   year = {2018},
   volume = {618},
   pages = {A126},
   doi = {10.1051/0004-6361/201833580}
}
@ARTICLE{pan+2019apj881_119,
   author = {{Pan}, Hsi-An and {Lin}, Lihwai and {Hsieh}, Bau-Ching and {Barrera-Ballesteros}, Jorge K. and {S\'anchez}, Sebasti\'an F. and {Hsu}, Chin-Hao and {Keenan}, Ryan and {Tissera}, Patricia B. and {Boquien}, M\'ed\'eric and {Dai}, Y. Sophia, et al.},
   title = {SDSS-IV MaNGA: Spatial Evolution of Star Formation Triggered by Galaxy Interactions},
   journal = {\apj},
   year = {2019},
   volume = {881},
   pages = {119},
   doi = {10.3847/1538-4357/ab311c}
}
@ARTICLE{pasetto+2018aap613_74,
   author = {{Pasetto}, Alice and {Carrasco-Gonz{\'a}lez}, Carlos and {O'Sullivan}, Shane and {Basu}, Aritra and {Bruni}, Gabriele and {Kraus}, Alex and {Curiel}, Salvador and {Mack}, Karl-Heinz},
   title = {Broadband radio spectro-polarimetric observations of high-Faraday-rotation-measure AGN},
   journal = {\aap},
   year = {2018},
   volume = {613},
   pages = {A74},
   doi = {10.1051/0004-6361/201731804}
}
@ARTICLE{peschken+2017mnras468_994,
   author = {{Peschken}, N. and {Athanassoula}, E. and {Rodionov}, S.~A.},
   title = {Forming disc galaxies in major mergers - III. The effect of angular momentum on the radial density profiles of disc galaxies},
   journal = {\mnras},
   year = {2017},
   volume = {468},
   pages = {994-1004},
   doi = {10.1093/mnras/stx481}
}
@INCOLLECTION{peterson2006incollection_77,
   author = {{Peterson}, B.~M.},
   title = {The Broad-Line Region in Active Galactic Nuclei},
   booktitle = {Physics of Active Galactic Nuclei at all Scales},
   year = {2006},
   editor = {{Alloin}, Danielle},
   volume = {693},
   pages = {77},
   doi = {10.1007/3-540-34621-X_3}
}
@ARTICLE{ramosalmeida+2017nat1_679,
   author = {{Ramos Almeida}, Cristina and {Ricci}, Claudio},
   title = {Nuclear obscuration in active galactic nuclei},
   journal = {\nat},
   year = {2017},
   volume = {1},
   pages = {679-689},
   doi = {10.1038/s41550-017-0232-z}
}
@ARTICLE{renaud+2015mnras454_3299,
   author = {{Renaud}, F. and {Bournaud}, F. and {Emsellem}, E. and {Agertz}, O. and {Athanassoula}, E. and {Combes}, F. and {Elmegreen}, B. and {Kraljic}, K. and {Motte}, F. and {Teyssier}, R.},
   title = {Environmental regulation of cloud and star formation in galactic bars},
   journal = {\mnras},
   year = {2015},
   volume = {454},
   pages = {3299-3310},
   doi = {10.1093/mnras/stv2223}
}
@ARTICLE{rubin+2014apj794_156,
   author = {{Rubin}, Kate H.~R. and {Prochaska}, J. Xavier and {Koo}, David C. and {Phillips}, Andrew C. and {Martin}, Crystal L. and {Winstrom}, Lucas O.},
   title = {Evidence for Ubiquitous Collimated Galactic-scale Outflows along the Star-forming Sequence at z \raisebox{-0.5ex}\textasciitilde 0.5},
   journal = {\apj},
   year = {2014},
   volume = {794},
   pages = {156},
   doi = {10.1088/0004-637X/794/2/156}
}
@ARTICLE{sanchezalmeida+2012apj756_163,
   author = {{S{\'a}nchez Almeida}, J. and {Terlevich}, R. and {Terlevich}, E. and {Cid Fernandes}, R. and {Morales-Luis}, A.~B.},
   title = {Qualitative Interpretation of Galaxy Spectra},
   journal = {\apj},
   year = {2012},
   volume = {756},
   pages = {163},
   doi = {10.1088/0004-637X/756/2/163}
}
@ARTICLE{saripalli+2013mnras436_690,
   author = {{Saripalli}, L. and {Malarecki}, J.~M. and {Subrahmanyan}, R. and {Jones}, D.~H. and {Staveley-Smith}, L.},
   title = {B0707-359: a case study of change in AGN-black hole spin axis},
   journal = {\mnras},
   year = {2013},
   volume = {436},
   pages = {690-696},
   doi = {10.1093/mnras/stt1606}
}
@ARTICLE{schmitt+2002apj575_150,
   author = {{Schmitt}, H.~R. and {Pringle}, J.~E. and {Clarke}, C.~J. and {Kinney}, A.~L.},
   title = {The Orientation of Jets Relative to Dust Disks in Radio Galaxies},
   journal = {\apj},
   year = {2002},
   volume = {575},
   pages = {150-155},
   doi = {10.1086/341211}
}
@ARTICLE{sebastian+2019apj883_189,
   author = {{Sebastian}, Biny and {Kharb}, P. and {O'Dea}, C.~P. and {Colbert}, E.~J.~M. and {Baum}, S.~A.},
   title = {The Filamentary Radio Lobes of the Seyfert-Starburst Composite Galaxy NGC 3079},
   journal = {\apj},
   year = {2019},
   volume = {883},
   pages = {189},
   doi = {10.3847/1538-4357/ab371a}
}
@ARTICLE{sebastian+2020mnras499_334,
   author = {{Sebastian}, Biny and {Kharb}, P. and {O'Dea}, C.~P. and {Gallimore}, J.~F. and {Baum}, S.~A.},
   title = {A radio polarimetric study to disentangle AGN activity and star formation in Seyfert galaxies},
   journal = {\mnras},
   year = {2020},
   volume = {499},
   pages = {334-354},
   doi = {10.1093/mnras/staa2473}
}
@ARTICLE{shankar+2009apj690_20,
   author = {{Shankar}, Francesco and {Weinberg}, David H. and {Miralda-Escud{\'e}}, Jordi},
   title = {Self-Consistent Models of the AGN and Black Hole Populations: Duty Cycles, Accretion Rates, and the Mean Radiative Efficiency},
   journal = {\apj},
   year = {2009},
   volume = {690},
   pages = {20-41},
   doi = {10.1088/0004-637X/690/1/20}
}
@ARTICLE{shopbell+1998apj493_129,
   author = {{Shopbell}, P.~L. and {Bland-Hawthorn}, J.},
   title = {The Asymmetric Wind in M82},
   journal = {\apj},
   year = {1998},
   volume = {493},
   pages = {129-153},
   doi = {10.1086/305108}
}
@ARTICLE{silchenko1998aap330_412,
   author = {{Sil'chenko}, O.~K.},
   title = {Central regions of the polar-ring galaxies NGC 2685 and IC 1689},
   journal = {\aap},
   year = {1998},
   volume = {330},
   pages = {412-418}
}
@ARTICLE{smith+2021mnras500_1933,
   author = {{Smith}, Mark D. and {Bureau}, Martin and {Davis}, Timothy A. and {Cappellari}, Michele and {Liu}, Lijie and {Onishi}, Kyoko and {Iguchi}, Satoru and {North}, Eve V. and {Sarzi}, Marc},
   title = {WISDOM project - VI. Exploring the relation between supermassive black hole mass and galaxy rotation with molecular gas},
   journal = {\mnras},
   year = {2021},
   volume = {500},
   pages = {1933-1952},
   doi = {10.1093/mnras/staa3274}
}
@ARTICLE{springel+2005mnras361_776,
   author = {{Springel}, Volker and {Di Matteo}, Tiziana and {Hernquist}, Lars},
   title = {Modelling feedback from stars and black holes in galaxy mergers},
   journal = {\mnras},
   year = {2005},
   volume = {361},
   pages = {776-794},
   doi = {10.1111/j.1365-2966.2005.09238.x}
}
@ARTICLE{tadhunter+1989nat341_422,
   author = {{Tadhunter}, Clive and {Tsvetanov}, Zlatan},
   title = {Anisotropic ionizing radiation in NGC5252},
   journal = {\nat},
   year = {1989},
   volume = {341},
   pages = {422-424},
   doi = {10.1038/341422a0}
}
@ARTICLE{tully1982apj257_389,
   author = {{Tully}, R.~B.},
   title = {The Local Supercluster},
   journal = {\apj},
   year = {1982},
   volume = {257},
   pages = {389-422},
   doi = {10.1086/159999}
}
@ARTICLE{urry+1995pasp107_803,
   author = {{Urry}, C. Megan and {Padovani}, Paolo},
   title = {Unified Schemes for Radio-Loud Active Galactic Nuclei},
   journal = {\pasp},
   year = {1995},
   volume = {107},
   pages = {803},
   doi = {10.1086/133630}
}
@ARTICLE{vandermarel+1998aj116_2220,
   author = {{van der Marel}, Roeland P. and {van den Bosch}, Frank C.},
   title = {Evidence for a 3 X 10\^8 M\_{\ensuremath{\odot}} Black Hole in NGC 7052 from Hubble Space Telescope Observations of the Nuclear Gas Disk},
   journal = {\aj},
   year = {1998},
   volume = {116},
   pages = {2220-2236},
   doi = {10.1086/300593}
}
@ARTICLE{vika+2009mnras400_1451,
   author = {{Vika}, Marina and {Driver}, Simon P. and {Graham}, Alister W. and {Liske}, Jochen},
   title = {The Millennium Galaxy Catalogue: the M$_{bh}$-L$_{spheroid}$ derived supermassive black hole mass function},
   journal = {\mnras},
   year = {2009},
   volume = {400},
   pages = {1451-1460},
   doi = {10.1111/j.1365-2966.2009.15544.x}
}
@ARTICLE{vollmer+2012aap537_143,
   author = {{Vollmer}, B. and {Soida}, M. and {Braine}, J. and {Abramson}, A. and {Beck}, R. and {Chung}, A. and {Crowl}, H.~H. and {Kenney}, J.~D.~P. and {van Gorkom}, J.~H.},
   title = {Ram pressure stripping of the multiphase ISM and star formation in the Virgo spiral galaxy NGC 4330},
   journal = {\aap},
   year = {2012},
   volume = {537},
   pages = {A143},
   doi = {10.1051/0004-6361/201117680}
}
@ARTICLE{wang+2019apj870_132,
   author = {{Wang}, Yu and {Lui}, Fuyao and {Shen}, Zhiqiang and {Wang}, Jingying and {Hu}, Dan and {Xu}, Hai-Guang},
   title = {Revealing a Head-on Major Merger in the Nearby NGC 6338 Group with Chandra and VLA Observations},
   journal = {\apj},
   year = {2019},
   volume = {870},
   pages = {132},
   doi = {10.3847/1538-4357/aaf234}
}
@ARTICLE{wang+2024apj962_188,
   author = {{Wang}, Chen and {Wang}, Junfeng and {Dadina}, Mauro and {Fabbiano}, Giuseppina and {Elvis}, Martin and {Bianchi}, Stefano and {Guainazzi}, Matteo},
   title = {Deep Chandra Observation of the Remarkable Ionization Cones of NGC 5252},
   journal = {\apj},
   year = {2024},
   volume = {962},
   pages = {188},
   doi = {10.3847/1538-4357/ad18c9}
}
@MISC{wang+2024arXiv2401.09172,
   author = {{Wang}, Chen and {Wang}, Junfeng and {Dadina}, Mauro and {Fabbiano}, Giuseppina and {Elvis}, Martin and {Bianchi}, Stefano and {Guainazzi}, Matteo},
   title = {Deep Chandra Observation of the Remarkable Ionization Cones of NGC 5252},
   journal = {arXiv e-prints},
   year = {2024},
   pages = {arXiv:2401.09172},
   doi = {10.48550/arXiv.2401.09172},
   howpublished = {arXiv:2401.09172}
}
@ARTICLE{wiegert+2015aj150_81,
   author = {{Wiegert}, Theresa and {Irwin}, Judith and {Miskolczi}, Arpad and {Schmidt}, Philip and {Mora}, Silvia Carolina and {Damas-Segovia}, Ancor and {Stein}, Yelena and {English}, Jayanne and {Rand}, Richard J. and {Santistevan}, Isaiah, et al.},
   title = {CHANG-ES. IV. Radio Continuum Emission of 35 Edge-on Galaxies Observed with the Karl G. Jansky Very Large Array in D Configuration{\textemdash}Data Release 1},
   journal = {\aj},
   year = {2015},
   volume = {150},
   pages = {81},
   doi = {10.1088/0004-6256/150/3/81}
}
@ARTICLE{williams+2009mnras400_1665,
   author = {{Williams}, Michael J. and {Bureau}, Martin and {Cappellari}, Michele},
   title = {Kinematic constraints on the stellar and dark matter content of spiral and S0 galaxies},
   journal = {\mnras},
   year = {2009},
   volume = {400},
   pages = {1665-1689},
   doi = {10.1111/j.1365-2966.2009.15582.x}
}
@ARTICLE{xue+2011apj195_10,
   author = {{Xue}, Y.~Q. and {Luo}, B. and {Brandt}, W.~N. and {Bauer}, F.~E. and {Lehmer}, B.~D. and {Broos}, P.~S. and {Schneider}, D.~P. and {Alexander}, D.~M. and {Brusa}, M. and {Comastri}, A., et al.},
   title = {The Chandra Deep Field-South Survey: 4 Ms Source Catalogs},
   journal = {\apj},
   year = {2011},
   volume = {195},
   pages = {10},
   doi = {10.1088/0067-0049/195/1/10}
}
@ARTICLE{yang+2017mnras464_70,
   author = {{Yang}, Xiaolong and {Yang}, Jun and {Paragi}, Zsolt and {Liu}, Xiang and {An}, Tao and {Bianchi}, Stefano and {Ho}, Luis C. and {Cui}, Lang and {Zhao}, Wei and {Wu}, Xiaocong},
   title = {NGC 5252: a pair of radio-emitting active galactic nuclei?},
   journal = {\mnras},
   year = {2017},
   volume = {464},
   pages = {L70-L74},
   doi = {10.1093/mnrasl/slw160}
}
@ARTICLE{younger+2007apj670_269,
   author = {{Younger}, Joshua D. and {Cox}, T.~J. and {Seth}, Anil C. and {Hernquist}, Lars},
   title = {Antitruncated Stellar Disks via Minor Mergers},
   journal = {\apj},
   year = {2007},
   volume = {670},
   pages = {269-278},
   doi = {10.1086/521976}
}
@ARTICLE{yu2002mnras331_935,
   author = {{Yu}, Qingjuan},
   title = {Evolution of massive binary black holes},
   journal = {\mnras},
   year = {2002},
   volume = {331},
   pages = {935-958},
   doi = {10.1046/j.1365-8711.2002.05242.x}
}
@ARTICLE{zaw+2019apj872_134,
   author = {{Zaw}, Ingyin and {Chen}, Yan-Ping and {Farrar}, Glennys R.},
   title = {A Uniformly Selected, All-sky, Optical AGN Catalog},
   journal = {\apj},
   year = {2019},
   volume = {872},
   pages = {134},
   doi = {10.3847/1538-4357/aaffaf}
}
@ARTICLE{zeilinger+1990mnras246_324,
   author = {{Zeilinger}, W.~W. and {Galletta}, G. and {Madsen}, C.},
   title = {NGC 5084: a massive disc galaxy with a tilted ring.},
   journal = {\mnras},
   year = {1990},
   volume = {246},
   pages = {324}
}
@ARTICLE{zheng+2022afz22_085004,
   author = {{Zheng}, Yun and {Wang}, Jing and {Irwin}, Judith and {Daniel Wang}, Q. and {Li}, Jiangtao and {English}, Jayanne and {Ma}, Qingchuan and {Wang}, Ran and {Wang}, Ke and {Krause}, Marita, et al.},
   title = {H I Vertical Structure of Nearby Edge-on Galaxies from CHANG-ES},
   journal = {\afz},
   year = {2022},
   volume = {22},
   pages = {085004},
   doi = {10.1088/1674-4527/ac7389}
}
@ARTICLE{zubovas+2022mnras515_1705,
   author = {{Zubovas}, Kastytis and {Bialopetravi{\v{c}}ius}, Jonas and {Kazlauskait{\.{e}}}, Monika},
   title = {Determining active galactic nucleus luminosity histories using present-day outflow properties: a neural network-based approach},
   journal = {\mnras},
   year = {2022},
   volume = {515},
   pages = {1705-1722},
   doi = {10.1093/mnras/stac1887}
}
   